<record><leader>00000cas a22000007a 4500</leader><controlfield tag="001">11977105</controlfield><controlfield tag="008">850429d19741978wiucr ne      0    0eng d</controlfield><datafield ind1=" " ind2=" " tag="010"><subfield code="a">sn 85040441 </subfield></datafield><datafield ind1=" " ind2=" " tag="040"><subfield code="a">NPV</subfield><subfield code="b">eng</subfield><subfield code="c">NPV</subfield><subfield code="d">OCLCQ</subfield></datafield><datafield ind1=" " ind2=" " tag="042"><subfield code="a">msc</subfield></datafield><datafield ind1=" " ind2=" " tag="045"><subfield code="a">x7x7</subfield></datafield><datafield ind1=" " ind2=" " tag="052"><subfield code="a">4123</subfield><subfield code="b">B7</subfield><subfield code="b">M2</subfield></datafield><datafield ind1="0" ind2=" " tag="130"><subfield code="a">Laker (Denmark, Wis. : 1974)</subfield></datafield><datafield ind1="1" ind2="4" tag="245"><subfield code="a">The laker.</subfield></datafield><datafield ind1="1" ind2="7" tag="246"><subfield code="a">Laker/Two Rivers Shopper</subfield></datafield><datafield ind1=" " ind2=" " tag="260"><subfield code="a">Denmark, Wis. :</subfield><subfield code="b">Brown County Pub.,</subfield><subfield code="c">1974-1978.</subfield></datafield><datafield ind1=" " ind2=" " tag="300"><subfield code="a">5 v. :</subfield><subfield code="b">ill.</subfield></datafield><datafield ind1=" " ind2=" " tag="310"><subfield code="a">Semiweekly</subfield></datafield><datafield ind1=" " ind2=" " tag="321"><subfield code="a">Weekly,</subfield><subfield code="b">Aug. 7, 1974-Jan. 19, 1977</subfield></datafield><datafield ind1="0" ind2=" " tag="362"><subfield code="a">Vol. 1, no. 22 (Aug. 7, 1974)-v. 5, no. 101 (June 15, 1978).</subfield></datafield><datafield ind1=" " ind2=" " tag="500"><subfield code="a">"Office at ... Two Rivers, Wis."</subfield></datafield><datafield ind1=" " ind2=" " tag="500"><subfield code="a">Editor: C.H. Zipperer, Feb. 11, 1976-June 15, 1978.</subfield></datafield><datafield ind1=" " ind2=" " tag="525"><subfield code="a">Supplements accompany some issues.</subfield></datafield><datafield ind1=" " ind2=" " tag="530"><subfield code="a">Avaiable on microfilm from The State Historical Society of Wisconsin.</subfield></datafield><datafield ind1=" " ind2=" " tag="580"><subfield code="a">Continues a periodical with same title.</subfield></datafield><datafield ind1=" " ind2=" " tag="752"><subfield code="a">United States</subfield><subfield code="b">Wisconsin</subfield><subfield code="c">Brown</subfield><subfield code="d">Denmark.</subfield></datafield><datafield ind1=" " ind2=" " tag="752"><subfield code="a">United States</subfield><subfield code="b">Wisconsin</subfield><subfield code="c">Manitowoc</subfield><subfield code="d">Two Rivers.</subfield></datafield><datafield ind1="1" ind2="0" tag="780"><subfield code="t">Laker (Denmark, Wis. : 1973)</subfield></datafield><datafield ind1="0" ind2="0" tag="785"><subfield code="t">Manitowoc laker</subfield><subfield code="w">(DLC)sn 85040442</subfield></datafield></record>